@article{kurniawan2015implementasi,
  title={Implementasi Rest Web Service Untuk Sales Order dan Sales Tracking Berbasis Mobile},
  author={Kurniawan, Erick},
  journal={Jurnal Eksplorasi Karya Sistem Informasi dan Sains},
  volume={7},
  number={1},
  year={2015}
}


@article{hidayat2014penerapan,
  title={Penerapan Teknologi Web Service Untuk Integrasi Layanan Puskesmas dan Rumah Sakit},
  author={Hidayat, Rokhmat and Ashari, Ahmad},
  journal={Berkala Ilmiah MIPA},
  volume={23},
  number={1},
  year={2014}
}

@article{mahdia2013pemanfaatan,
  title={Pemanfaatan Google Maps API Untuk Pembangunan Sistem Informasi Manajemen Bantuan Logistik Pasca Bencana Alam Berbasis Mobile Web (Studi Kasus: Badan Penanggulangan Bencana Daerah Kota Yogyakarta)},
  author={Mahdia, Faya and Noviyanto, Fiftin},
  journal={Jurnal Sarjana Teknik Informatika},
  volume={1},
  number={1},
  year={2013}
}
