@article{triyono2013rancang,
  title={Rancang Bangun Sistem Keamanan Jaringan Dengan Metode Blocking Port Pada Sekolah Menengah Kejuruan Karya Nugraha Boyolali},
  author={Triyono, Ramadian Agus and others},
  journal={IJNS-Indonesian Journal on Networking and Security},
  volume={2},
  number={1},
  year={2013}
}
