@article{riadi2011optimalisasi,
  title={Optimalisasi Keamanan Jaringan Menggunakan Pemfilteran Aplikasi Berbasis Mikrotik},
  author={Riadi, Imam},
  journal={Jurnal Sistem Informasi Universitas Ahmad Dahlan, Yogyakarta. http://is. uad. ac. id/jusi},
  year={2011}
}

@book{syafrizal2005pengantar,
  title={Pengantar jaringan komputer},
  author={Syafrizal, Melwin},
  year={2005},
  publisher={Penerbit Andi}
}

@book{mulyanta2005pengenalan,
  title={Pengenalan protokol jaringan wireless komputer},
  author={Mulyanta, Edi S},
  year={2005},
  publisher={Penerbit Andi}
}

@article{pradikta2013rancang,
  title={Rancang Bangun Aplikasi Monitoring Jaringan dengan Menggunakan Simple Network Management Protocol},
  author={Pradikta, Reza and Affandi, Achmad and Setijadi, Eko},
  journal={Jurnal Teknik ITS},
  volume={2},
  number={1},
  pages={A154--A159},
  year={2013}
}

@article{setiawan2012analisa,
  title={Analisa Quality Of Services (Qos) Voice Over Internet Protocol (Voip) Dengan Protokol H. 323 Dan Session Initial Protocol (Sip)},
  author={Setiawan, Eko Budi},
  journal={Komputa: Jurnal Ilmiah Komputer dan Informatika},
  volume={1},
  number={2},
  year={2012}
}
