@inproceedings{awangga2017colenak,
  title={Colenak: GPS tracking model for post-stroke rehabilitation program using AES-CBC URL encryption and QR-Code},
  author={Awangga, Rolly Maulana and Fathonah, Nuraini Siti and Hasanudin, Trisna Irmayadi},
  booktitle={Information Technology, Information Systems and Electrical Engineering (ICITISEE), 2017 2nd International conferences on},
  pages={255--260},
  year={2017},
  organization={IEEE}
}

@article{tanaem2016restful,
  title={RESTFul Web Service Untuk Sistem Pencatatan Transaksi Studi Kasus PT. XYZ},
  author={Tanaem, Penidas Fiodinggo and Manongga, Danny and Iriani, Ade},
  journal={Jurnal Teknik Informatika dan Sistem Informasi},
  volume={2},
  number={1},
  year={2016}
}

@article{rodriguez2008restful,
  title={Restful web services: The basics},
  author={Rodriguez, Alex},
  journal={IBM developerWorks},
  pages={33},
  year={2008}
}

@article{rodriguez2008restful,
  title={Restful web services: The basics},
  author={Rodriguez, Alex},
  journal={IBM developerWorks},
  pages={33},
  year={2008}
}
@inproceedings{correa2012defining,
  title={Defining RESTful Web Services Test Cases from UML Models.},
  author={Correa, Alexandre L and Silva-de-Souza, Thiago and Schmitz, Eber Assis and Alencar, Antonio Juarez},
  booktitle={SEKE},
  pages={319--323},
  year={2012}
}

@article{rodriguez2008restful,
  title={Restful web services: The basics},
  author={Rodriguez, Alex},
  journal={IBM developerWorks},
  pages={33},
  year={2008}
}

@article{fauziah2014aplikasi,
  title={Aplikasi Iklan Baris Online menggunakan Arsitektur REST Web Service},
  author={Fauziah, Yuli},
  journal={Telematika},
  volume={9},
  number={2},
  year={2014}
}